@inproceedings{shic2008,
  title={The incomplete fixation measure},
  author={Shic, Frederick and Scassellati, Brian and Chawarska, Katarzyna},
  booktitle={Proceedings of the 2008 symposium on Eye tracking research \& applications},
  pages={111--114},
  year={2008},
  organization={ACM}
}

@article{mould2012,
  title={A simple nonparametric method for classifying eye fixations},
  author={Mould, Matthew S and Foster, David H and Amano, Kinjiro and Oakley, John P},
  journal={Vision Research},
  volume={57},
  pages={18--25},
  year={2012},
  publisher={Elsevier}
}


@article{blignaut2009,
  title={Fixation identification: The optimum threshold for a dispersion algorithm},
  author={Blignaut, Pieter},
  journal={Attention, Perception, \& Psychophysics},
  volume={71},
  number={4},
  pages={881--895},
  year={2009},
  publisher={Springer}
}

@inproceedings{salvucci2000,
  title={Identifying fixations and saccades in eye-tracking protocols},
  author={Salvucci, Dario D and Goldberg, Joseph H},
  booktitle={Proceedings of the 2000 symposium on Eye tracking research \& applications},
  pages={71--78},
  year={2000},
  organization={ACM}
}

@inproceedings{munn2008,
  title={Fixation-identification in dynamic scenes: Comparing an automated algorithm to manual coding},
  author={Munn, Susan M and Stefano, Leanne and Pelz, Jeff B},
  booktitle={Proceedings of the 5th symposium on Applied perception in graphics and visualization},
  pages={33--42},
  year={2008},
  organization={ACM}
}


